@book{newman2015building,
  title={Building microservices: designing fine-grained systems},
  author={Newman, Sam},
  year={2015},
  publisher={" O'Reilly Media, Inc."}
}

@inproceedings{anderson2015design,
  title={Design challenges/solutions for environments supporting the analysis of social media data in crisis informatics research},
  author={Anderson, Kenneth M and Aydin, Ahmet Arif and Barrenechea, Mario and Cardenas, Adam and Hakeem, Mazin and Jambi, Sahar},
  booktitle={2015 48th Hawaii International Conference on System Sciences},
  pages={163--172},
  year={2015},
  organization={IEEE}
}

@article{cisco2018cisco,
  title={Cisco Visual Networking Index: Forecast and Trends, 2017--2022},
  author={Cisco, VNI},
  journal={White Paper},
  year={2018}
}

@inproceedings{schram2012mysql,
  title={MySQL to NoSQL: data modeling challenges in supporting scalability},
  author={Schram, Aaron and Anderson, Kenneth M},
  booktitle={Proceedings of the 3rd annual conference on Systems, programming, and applications: software for humanity},
  pages={191--202},
  year={2012},
  organization={ACM}
}